% Encoding: UTF-8

@InProceedings{GuigueAhmHayLan2007,
  author       = {Guigue, A and Ahmadi, Mojtaba and Hayes, MJD and Langlois, Robert and Tang, FC},
  booktitle    = {Proceedings 2007 IEEE International Conference on Robotics and Automation},
  title        = {A dynamic programming approach to redundancy resolution with multiple criteria},
  organization = {IEEE},
  pages        = {1375--1380},
  year         = {2007},
  doi          = {10.1109/ROBOT.2007.363176},
}

@Article{GaoPasCar2017,
  author       = {Gao, Jiuchun and Pashkevich, Anatol and Caro, St{\'e}phane},
  year         = {2017},
  journal = {Mechanism and Machine Theory},
  title        = {Optimization of the robot and positioner motion in a redundant fiber placement workcell},
  pages        = {170--189},
  volume       = {114},
  publisher    = {Elsevier},
  doi          = {10.1016/j.mechmachtheory.2017.04.009},
}

@InProceedings{TassaManTod2014,
  author       = {Tassa, Yuval and Mansard, Nicolas and Todorov, Emo},
  booktitle    = {2014 IEEE International Conference on Robotics and Automation (ICRA)},
  title        = {Control-limited differential dynamic programming},
  organization = {IEEE},
  pages        = {1168--1175},
  year         = {2014},
  doi          = {10.1109/ICRA.2014.6907001},
}

@Article{SantosSil2017,
  author  = {João Cavacanti Santos and Maíra Martins da Silva},
  title   = {Redundancy Resolution of Kinematically Redundant Parallel Manipulators Via Differential Dynamic Programing},
  doi     = {10.1115/1.4036739},
  issn    = {1942-4302},
  number  = {4},
  volume  = {9},
  journal = {Journal of Mechanisms and Robotics},
  year    = {2017},
}

@InProceedings{HowellJacMan2019,
  author    = {Taylor A. Howell and Brian E. Jackson and Zachary Manchester},
  booktitle = {2019 IEEE/RSJ International Conference on Intelligent Robots and Systems (IROS)},
  title     = {ALTRO: A Fast Solver for Constrained Trajectory Optimization},
  year      = {2019},
  pages     = {7674-7679},
  doi       = {10.1109/iros40897.2019.8967788},
}

@Article{RevelesWenoth2016,
  author       = {Daniel {Reveles R.} and J. Alfonso {Pamanes G.} and Philippe Wenger},
  year         = {2016},
  journal = {Mechanism and Machine Theory},
  title        = {Trajectory planning of kinematically redundant parallel manipulators by using multiple working modes},
  doi          = {10.1016/j.mechmachtheory.2015.09.011},
  pages        = {216--230},
  volume       = {98},
  publisher    = {Elsevier},
}

@Article{MousaviGagBouRay2017,
  author    = {Mousavi, Said and Gagnol, Vincent and Bouzgarrou, Belhassen C and Ray, Pascal},
  title     = {Control of a multi degrees functional redundancies robotic cell for optimization of the machining stability},
  pages     = {269--274},
  volume    = {58},
  journal   = {Procedia CIRP},
  publisher = {Elsevier},
  doi       = {10.1016/J.PROCIR.2017.04.004},
  year      = {2017},
}


@InProceedings{AlbaGomezWenPam2005,
  author    = {Alba-Gomez, Ofelia and Wenger, Philippe and Pamanes, Alfonso},
  booktitle = {International Design Engineering Technical Conferences and Computers and Information in Engineering Conference},
  title     = {Consistent kinetostatic indices for planar 3-DOF parallel manipulators, application to the optimal kinematic inversion},
  pages     = {765--774},
  volume    = {47446},
  year      = {2005},
  doi       = {10.1115/DETC2005-84326},
}

@Article{FerrentinoSalChi2021,
  author       = {Ferrentino, Enrico and Salvioli, Federico and Chiacchio, Pasquale},
  title        = {Globally optimal redundancy resolution with dynamic programming for robot planning: a ROS implementation},
  number       = {1},
  pages        = {42},
  volume       = {10},
  year         = {2021},
  doi          = {10.3390/robotics10010042},
  journal = {MDPI Robotics},
  publisher    = {Multidisciplinary Digital Publishing Institute},
}

@Article{ZargarbashiKhaAng2012,
  author   = {S.H.H. Zargarbashi and Waseem Khan and Jorge Angeles},
  journal  = {Mechanism and Machine Theory},
  title    = {Posture optimization in robot-assisted machining operations},
  year     = {2012},
  issn     = {0094-114X},
  pages    = {74-86},
  volume   = {51},
  doi      = {10.1016/j.mechmachtheory.2011.11.017},
}

@MastersThesis{Schappler2013_B371,
  author    = {Schappler, Moritz},
  title     = {{Simulative Optimierung der Bahnplanung mit mehrfacher Redundanz bei der roboterassistierten Laserosteotomie}},
  doi       = {10.15488/10214},
  type      = {Bachelor's thesis},
  school    = {Leibniz Universität Hannover, Institut für Mechatronische Systeme},
  year      = {2013},
}

@Article{LantoineRus2012,
  author       = {Lantoine, Gregory and Russell, Ryan P},
  year         = {2012},
  journal = {Journal of Optimization Theory and Applications},
  title        = {A hybrid differential dynamic programming algorithm for constrained optimal control problems. part 1: Theory},
  doi          = {10.1007/s10957-012-0039-0},
  number       = {2},
  pages        = {382--417},
  volume       = {154},
  publisher    = {Springer},
}

@Article{Ozgoren2013,
  author  = {M. Kemal Ozgoren},
  title   = {Optimal Inverse Kinematic Solutions for Redundant Manipulators by Using Analytical Methods to Minimize Position and Velocity Measures},
  doi     = {10.1115/1.4024294},
  issn    = {1942-4302},
  number  = {3},
  volume  = {5},
  journal = {Journal of Mechanisms and Robotics},
  month   = {06},
  year    = {2013},
}

@Article{OenWan2007,
  author  = {Ka-Tjun Oen and Li-Chun T. Wang},
  journal = {Mechanism and Machine Theory},
  title   = {Optimal dynamic trajectory planning for linearly actuated platform type parallel manipulators having task space redundant degree of freedom},
  year    = {2007},
  issn    = {0094-114X},
  number  = {6},
  pages   = {727-750},
  volume  = {42},
  doi     = {10.1016/j.mechmachtheory.2006.05.006},
}

@InCollection{MerletPerDan2000,
  author    = {Merlet, J-P and Perng, M-W and Daney, David},
  booktitle = {Advances in Robot Kinematics},
  publisher = {Springer},
  title     = {Optimal trajectory planning of a 5-axis machine-tool based on a 6-axis parallel manipulator},
  year      = {2000},
  pages     = {315--322},
  doi       = {10.1007/978-94-011-4120-8_33},
  file      = {:Artikel/ARK_Conf/MerletPerDan2000.pdf:PDF},
}

@InProceedings{KotlarskiDoHeiOrt2010,
  author       = {Kotlarski, Jens and Do Thanh, Trung and Heimann, Bodo and Ortmaier, Tobias},
  booktitle    = {Robotics and Automation (ICRA), 2010 IEEE International Conference on},
  title        = {Optimization strategies for additional actuators of kinematically redundant parallel kinematic machines},
  organization = {IEEE},
  pages        = {656--661},
  year         = {2010},
}

@Article{GosselinSch2018,
  author  = {Gosselin, Clément and Schreiber, Louis-Thomas},
  journal = {Applied Mechanics Reviews},
  title   = {{Redundancy in Parallel Mechanisms: A Review}},
  year    = {2018},
  issn    = {0003-6900},
  month   = {01},
  number  = {1},
  volume  = {70},
  doi     = {10.1115/1.4038931},
}

@Article{GaoCheGaoXia2019,
  author  = {Yin Gao and Ke Chen and Hong Gao and Ping Xiao and Lei Wang},
  title   = {Small-angle perturbation method for moving platform orientation to avoid singularity of asymmetrical {3-RRR} planner (sic) parallel manipulator},
  doi     = {10.1007/s40430-019-2012-4},
  issn    = {1678-5878},
  pages   = {1-18},
  volume  = {41},
  journal = {Journal of The Brazilian Society of Mechanical Sciences and Engineering},
  year    = {2019},
}

@Article{HuoBar2008,
  author    = {Huo, Liguo and Baron, Luc},
  journal   = {Industrial Robot: An International Journal},
  title     = {The joint-limits and singularity avoidance in robotic welding},
  year      = {2008},
  number    = {5},
  pages     = {456--464},
  volume    = {35},
  doi       = {10.1108/01439910810893626},
  publisher = {Emerald Group Publishing Limited},
}

@Article{LegerAng2016,
  author    = {Léger, J. and Angeles, J.},
  title     = {Off-line programming of six-axis robots for optimum five-dimensional tasks},
  pages     = {155--169},
  volume    = {100},
  journal   = {Mechanism and Machine Theory},
  doi       = {10.1016/j.mechmachtheory.2016.01.015},
  publisher = {Elsevier},
  year      = {2016},
}

@Article{SchapplerTapOrt2019,
  author    = {Schappler, Moritz and Tappe, Svenja and Ortmaier, Tobias},
  title     = {Modeling Parallel Robot Kinematics for 3T2R and 3T3R Tasks Using Reciprocal Sets of Euler Angles},
  doi       = {10.3390/robotics8030068},
  issn      = {2218-6581},
  issue     = {Special Issue "Kinematics and Robot Design II"},
  number    = {3},
  volume    = {8},
  journal   = {Robotics},
  publisher = {Multidisciplinary Digital Publishing Institute},
  year      = {2019},
}

@InProceedings{SchapplerOrt2021,
  author    = {Schappler, Moritz and Ortmaier, Tobias},
  booktitle = {Proceedings of the 18th International Conference on Informatics in Control, Automation and Robotics (ICINCO 2021)},
  title     = {Singularity Avoidance of Task-Redundant Robots in Pointing Tasks: On Nullspace Projection and Cardan Angles as Orientation Coordinates},
  doi       = {10.5220/0010621103380349},
  year      = {2021},
}

@InCollection{CorinaldiAngCal2016,
  author    = {Corinaldi, David and Angeles, Jorge and Callegari, Massimo},
  booktitle = {Advances in Robot Kinematics 2016},
  title     = {Posture optimization of a functionally redundant parallel robot},
  pages     = {101--108},
  doi = {10.1007/978-3-319-56802-7_11},
  publisher = {Springer},
  year      = {2016},
}

@Article{ReiterMueGat2018,
  author    = {Reiter, Alexander and Müller, Andreas and Gattringer, Hubert},
  title     = {On higher order inverse kinematics methods in time-optimal trajectory planning for kinematically redundant manipulators},
  number    = {4},
  pages     = {1681--1690},
  volume    = {14},
  journal   = {IEEE Transactions on Industrial Informatics},
  doi = {10.1109/TII.2018.2792002},
  publisher = {IEEE},
  year      = {2018},
}

@InProceedings{Zlajpah2017,
  author       = {Žlajpah, Leon},
  booktitle    = {Robotics and Automation (ICRA), 2017 IEEE International Conference on},
  title        = {On orientation control of functional redundant robots},
  organization = {IEEE},
  pages        = {2475--2482},
  doi = {10.1109/ICRA.2017.7989288},
  year         = {2017},
}

@Article{ShawChe2001,
  author  = {Dein Shaw and Yen-Sheng Chen},
  title   = {Cutting path generation of the {Stewart}-Platform-Based Milling Machine using an end-mill},
  doi     = {10.1080/00207540010023529},
  issn    = {0020-7543},
  number  = {7},
  pages   = {1367-1383},
  volume  = {39},
  journal = {International Journal of Production Research},
  year    = {2001},
}

@InProceedings{SmirnovPlyMir2013,
  author    = {V. Smirnov and V. Plyusnin and G. Mirzaeva},
  booktitle = {2013 IEEE International Conference on Industrial Technology (ICIT)},
  title     = {Energy efficient trajectories of industrial machine tools with parallel kinematics},
  doi       = {10.1109/icit.2013.6505855},
  pages     = {1267-1272},
  year      = {2013},
}

@Article{AgarwalNasBan2016,
  author  = {Abhishek Agarwal and Chaman Nasa and Sandipan Bandyopadhyay},
  title   = {Dynamic singularity avoidance for parallel manipulators using a task-priority based control scheme},
  doi     = {10.1016/j.mechmachtheory.2015.07.013},
  issn    = {0094-114X},
  pages   = {107-126},
  volume  = {96},
  groups  = {Paper_AufgRed_Euler, Paper_ICINCO_LNEE_AufgRed_BahnOpt},
  journal = {Mechanism and Machine Theory},
  year    = {2016},
}

@Article{MousaviGagBouRay2018,
  author    = {Mousavi, Said and Gagnol, Vincent and Bouzgarrou, Belhassen C and Ray, Pascal},
  title     = {Stability optimization in robotic milling through the control of functional redundancies},
  doi       = {10.1016/j.rcim.2017.09.004},
  pages     = {181--192},
  volume    = {50},
  journal   = {Robotics and Computer-Integrated Manufacturing},
  publisher = {Elsevier},
  year      = {2018},
}

@Article{ZhuQuCaoYan2013,
  author    = {Zhu, Weidong and Qu, Weiwei and Cao, Lianghong and Yang, Di and Ke, Yinglin},
  title     = {An off-line programming system for robotic drilling in aerospace manufacturing},
  number    = {9-12},
  pages     = {2535--2545},
  volume    = {68},
  journal   = {The International Journal of Advanced Manufacturing Technology},
  publisher = {Springer},
  year      = {2013},
  doi = {10.1007/s00170-013-4873-5},
}

@Article{Merlet2006a,
  author    = {Merlet, Jean-Pierre},
  title     = {Jacobian, manipulability, condition number, and accuracy of parallel robots},
  number    = {1},
  pages     = {199--206},
  volume    = {128},
  journal   = {Journal of Mechanical Design},
  publisher = {American Society of Mechanical Engineers},
  year      = {2006},
  doi = {10.1115/1.2121740},
}

@Article{GosselinSch2016,
  author  = {Clement Gosselin and Louis-Thomas Schreiber},
  title   = {Kinematically Redundant Spatial Parallel Mechanisms for Singularity Avoidance and Large Orientational Workspace},
  doi     = {10.1109/tro.2016.2516025},
  issn    = {1552-3098},
  number  = {2},
  pages   = {286-300},
  volume  = {32},
  journal = {IEEE Transactions on Robotics},
  year    = {2016},
}

@Article{DeLucaOriSic1992,
  author    = {De Luca, A and Oriolo, G and Siciliano, B},
  title     = {Robot redundancy resolution at the acceleration level},
  pages     = {97--97},
  volume    = {4},
  journal   = {Laboratory Robotics and Automation},
  publisher = {WILEY},
  year      = {1992},
}
@Article{NakamuraHanYos1987,
  author    = {Nakamura, Yoshihiko and Hanafusa, Hideo and Yoshikawa, Tsuneo},
  journal   = {The International Journal of Robotics Research},
  title     = {Task-priority based redundancy control of robot manipulators},
  year      = {1987},
  number    = {2},
  pages     = {3--15},
  volume    = {6},
  publisher = {Sage Publications Sage UK: London, England},
}

@InProceedings{LilloChiAnt2019,
  author    = {Lillo, Paolo Di and Chiaverini, Stefano and Antonelli, Gianluca},
  booktitle = {2019 International Conference on Robotics and Automation (ICRA)},
  title     = {Handling robot constraints within a Set-Based Multi-Task Priority Inverse Kinematics Framework},
  doi       = {10.1109/ICRA.2019.8793625},
  pages     = {7477-7483},
  year      = {2019},
}

@Article{ChenMcIYi2003,
  author    = {Chen, Yixin and McInroy, John E and Yi, Yong},
  journal   = {IEEE Transactions on Robotics and Automation},
  title     = {Optimal, fault-tolerant mappings to achieve secondary goals without compromising primary performance},
  year      = {2003},
  number    = {4},
  pages     = {680--691},
  volume    = {19},
  doi       = {10.1109/TRA.2003.814515},
  publisher = {IEEE},
}

@Article{ShinMcK1986,
  author       = {Kang Shin and McKay, N.},
  title        = {A dynamic programming approach to trajectory planning of robotic manipulators},
  number       = {6},
  pages        = {491-500},
  volume       = {31},
  year         = {1986},
  doi          = {10.1109/TAC.1986.1104317},
  journal = {IEEE Transactions on Automatic Control},
}

@Article{NakamuraHan1987,
  author       = {Yoshihiko Nakamura and Hideo Hanafusa},
  title        = {Optimal Redundancy Control of Robot Manipulators},
  number       = {1},
  pages        = {32-42},
  volume       = {6},
  year         = {1987},
  doi          = {10.1177/027836498700600103},
  journal = {The International Journal of Robotics Research},
}

@InProceedings{AoyamaBouPatThe2021,
  author    = {Aoyama, Yuichiro and Boutselis, George and Patel, Akash and Theodorou, Evangelos A.},
  booktitle = {2021 IEEE International Conference on Robotics and Automation (ICRA)},
  date      = {2021},
  title     = {Constrained Differential Dynamic Programming Revisited},
  doi       = {10.1109/ICRA48506.2021.9561530},
  pages     = {9738-9744},
}

@Book{SciaviccoSic2000,
  author    = {Sciavicco, Lorenzo and Siciliano, Bruno},
  publisher = {Springer Science \& Business Media},
  title     = {Modelling and control of robot manipulators},
  year      = {2012},
  comment   = {S. 63: Definition intrinsische Redundanz, Aufgabenredundanz},
  doi       = {10.1007/978-1-4471-0449-0},
}


@Book{Merlet2006,
  author    = {Merlet, Jean-Pierre},
  title     = {Parallel Robots},
  doi       = {10.1007/1-4020-4133-0},
  edition   = {2nd},
  publisher = {Springer Science \& Business Media},
  series    = {Solid Mechanics and Its Applications},
  volume    = {128},
  year      = {2006},
}
