% Encoding: UTF-8

@Article{SchapplerTapOrt2019,
  author    = {Schappler, Moritz and Tappe, Svenja and Ortmaier, Tobias},
  title     = {Modeling Parallel Robot Kinematics for {3T2R} and {3T3R} Tasks Using Reciprocal Sets of {Euler} Angles},
  doi       = {10.3390/robotics8030068},
  issn      = {2218-6581},
  issue     = {Special Issue "Kinematics and Robot Design II"},
  number    = {3},
  volume    = {8},
  journal   = {MDPI Robotics},
  publisher = {Multidisciplinary Digital Publishing Institute},
  year      = {2019},
}


@Article{LucesMilBen2017,
  author  = {Mario Luces and James K. Mills and Beno Benhabib},
  title   = {A Review of Redundant Parallel Kinematic Mechanisms},
  doi     = {10.1007/s10846-016-0430-4},
  issn    = {0921-0296},
  journal={Journal of Intelligent \& Robotic Systems},
  volume={86},
  pages={175-198},
  year    = {2017},
}


@Article{GosselinSch2018,
  author  = {Gosselin, Clément and Schreiber, Louis-Thomas},
  title   = {{Redundancy in Parallel Mechanisms: A Review}},
  doi     = {10.1115/1.4038931},
  issn    = {0003-6900},
  number  = {1},
  volume  = {70},
  journal = {Applied Mechanics Reviews},
  month   = {01},
  year    = {2018},
}

@InProceedings{SmirnovPlyMir2013,
  author  = {V. Smirnov and V. Plyusnin and G. Mirzaeva},
  title   = {Energy efficient trajectories of industrial machine tools with parallel kinematics},
  booktitle={2013 IEEE International Conference on Industrial Technology (ICIT)}, 
  pages={1267-1272},
  doi     = {10.1109/icit.2013.6505855},
  year    = {2013},
}


@Article{ShawChe2001,
  author  = {Dein Shaw and Yen-Sheng Chen},
  title   = {Cutting path generation of the Stewart-Platform-Based Milling Machine using an end-mill},
  publisher = {Taylor & Francis},
  journal = {International Journal of Production Research},
  volume = {39},
  number = {7},
  doi     = {10.1080/00207540010023529},
  issn    = {0020-7543},
  pages   = {1367-1383},
  volume  = {39},
  year    = {2001},
}


@Article{SantosSil2017,
  author  = {João Cavacanti Santos and Maíra Martins da Silva},
  title   = {Redundancy Resolution of Kinematically Redundant Parallel Manipulators Via Differential Dynamic Programing},
  doi     = {10.1115/1.4036739},
  issn    = {1942-4302},
  journal = {Journal of Mechanisms and Robotics},
  volume = {9},
  number = {4},
  year    = {2017},
}


@InProceedings{KotlarskiDoHeiOrt2010,
  author       = {Kotlarski, Jens and Do Thanh, Trung and Heimann, Bodo and Ortmaier, Tobias},
  booktitle    = {Robotics and Automation (ICRA), 2010 IEEE International Conference on},
  title        = {Optimization strategies for additional actuators of kinematically redundant parallel kinematic machines},
  organization = {IEEE},
  pages        = {656--661},
  year         = {2010},
}


@Article{OenWan2007,
  author  = {Ka-Tjun Oen and Li-Chun T. Wang},
  title   = {Optimal dynamic trajectory planning for linearly actuated platform type parallel manipulators having task space redundant degree of freedom},
  doi     = {10.1016/j.mechmachtheory.2006.05.006},
  issn    = {0094-114X},
  pages   = {727-750},
  journal = {Mechanism and Machine Theory},
  volume = {42},
  number = {6},
  year    = {2007},
}


@Article{GaoCheGaoXia2019,
  author  = {Yin Gao and Ke Chen and Hong Gao and Ping Xiao and Lei Wang},
  title   = {Small-angle perturbation method for moving platform orientation to avoid singularity of asymmetrical 3-{RRR} planner parallel manipulator},
  year    = {2019},
  issn    = {1678-5878},
  journal={Journal of The Brazilian Society of Mechanical Sciences and Engineering},
  volume={41},
  pages={1-18},
  doi     = {10.1007/s40430-019-2012-4},
}


@Article{Ozgoren2013,
  author  = {M. Kemal Ozgoren},
  title   = {Optimal Inverse Kinematic Solutions for Redundant Manipulators by Using Analytical Methods to Minimize Position and Velocity Measures},
  doi     = {10.1115/1.4024294},
  issn    = {1942-4302},
  journal = {Journal of Mechanisms and Robotics},
  volume = {5},
  number = {3},
  month = {06},
  year    = {2013},
}


@Article{AgarwalNasBan2016,
  author  = {Abhishek Agarwal and Chaman Nasa and Sandipan Bandyopadhyay},
  journal = {Mechanism and Machine Theory},
  title   = {Dynamic singularity avoidance for parallel manipulators using a task-priority based control scheme},
  year    = {2016},
  issn    = {0094-114X},
  pages   = {107-126},
  volume  = {96},
  doi     = {10.1016/j.mechmachtheory.2015.07.013},
}


@InCollection{ChiaveriniOriWal2008,
  author    = {Stefano Chiaverini and Giuseppe Oriolo and Ian D. Walker},
  booktitle = {Springer Handbook of Robotics},
  title     = {Kinematically redundant manipulators},
  pages     = {245--268},
  publisher = {Springer},
  year      = {2008},
}



@Article{GosselinSch2016,
  author  = {Clement Gosselin and Louis-Thomas Schreiber},
  journal = {IEEE Transactions on Robotics},
  title   = {Kinematically Redundant Spatial Parallel Mechanisms for Singularity Avoidance and Large Orientational Workspace},
  year    = {2016},
  issn    = {1552-3098},
  number  = {2},
  pages   = {286-300},
  volume  = {32},
  doi     = {10.1109/tro.2016.2516025},
}


@Article{Merlet2006a,
  author    = {Merlet, Jean-Pierre},
  title     = {Jacobian, manipulability, condition number, and accuracy of parallel robots},
  number    = {1},
  pages     = {199--206},
  volume    = {128},
  journal   = {Journal of Mechanical Design},
  publisher = {American Society of Mechanical Engineers},
  year      = {2006},
}


@InCollection{MerletPerDan2000,
  author    = {Merlet, J-P and Perng, M-W and Daney, David},
  booktitle = {Advances in Robot Kinematics},
  title     = {Optimal trajectory planning of a 5-axis machine-tool based on a 6-axis parallel manipulator},
  doi       = {10.1007/978-94-011-4120-8_33},
  pages     = {315--322},
  publisher = {Springer},
  year      = {2000},
}


@Article{PugazhenthiNagSin2002,
  author  = {S. Pugazhenthi and T. Nagarajan and M. Singaperumal},
  title   = {Optimal trajectory planning for a hexapod machine tool during contour machining},
  doi     = {10.1243/095440602321029481},
  issn    = {0954-4062},
  pages   = {1247-1257},
  volume  = {216},
  comment = {Optimiert wird die xyz-Position einer Trajektorie. Vermutlich gibt es noch einen Tisch oder ähnliches, der erlaubt, dass der Ort der Trajektorie sich ändert.},
  groups  = {Paper_AufgRed_Euler},
  year    = {2002},
}



@Article{PugazhenthiNagSin2002,
  author  = {S. Pugazhenthi and T. Nagarajan and M. Singaperumal},
  journal = {Proceedings of the Institution of Mechanical Engineers, Part C: Journal of Mechanical Engineering Science},
  title   = {Optimal trajectory planning for a hexapod machine tool during contour machining},
  year    = {2002},
  issn    = {0954-4062},
  number  = {12},
  pages   = {1247-1257},
  volume  = {216},
  doi     = {10.1243/095440602321029481},
}


@Article{QuHuGuo2020,
  author  = {Haibo Qu and Lanqing Hu and Sheng Guo},
  title   = {Singularity analysis and avoidance of a planar parallel mechanism with kinematic redundancy under a fixed orientation},
  doi     = {10.1177/0954406220976712},
  issn    = {0954-4062},
  journal = {Proceedings of the Institution of Mechanical Engineers, Part C: Journal of Mechanical Engineering Science},
  year    = {2020},
}


@Article{NakamuraHanYos1987,
  author    = {Nakamura, Yoshihiko and Hanafusa, Hideo and Yoshikawa, Tsuneo},
  title     = {Task-priority based redundancy control of robot manipulators},
  number    = {2},
  pages     = {3--15},
  volume    = {6},
  journal   = {The International Journal of Robotics Research},
  publisher = {Sage Publications Sage UK: London, England},
  year      = {1987},
}


@Article{MousaviGagBouRay2018,
  author    = {Mousavi, Said and Gagnol, Vincent and Bouzgarrou, Belhassen C and Ray, Pascal},
  title     = {Stability optimization in robotic milling through the control of functional redundancies},
  journal   = {Robotics and Computer-Integrated Manufacturing},
  year      = {2018},
  volume    = {50},
  pages     = {181--192},
  doi       = {10.1016/j.rcim.2017.09.004},
  publisher = {Elsevier},
}


@InProceedings{Zlajpah2017,
  author       = {{\v{Z}}lajpah, Leon},
  title        = {On orientation control of functional redundant robots},
  booktitle    = {Robotics and Automation (ICRA), 2017 IEEE International Conference on},
  year         = {2017},
  organization = {IEEE},
  pages        = {2475--2482},
}


@Article{LegerAng2016,
  author    = {Léger, J. and Angeles, J.},
  title     = {Off-line programming of six-axis robots for optimum five-dimensional tasks},
  journal   = {Mechanism and Machine Theory},
  year      = {2016},
  volume    = {100},
  pages     = {155--169},
  publisher = {Elsevier},
}


@InCollection{CorinaldiAngCal2016,
  author    = {Corinaldi, David and Angeles, Jorge and Callegari, Massimo},
  title     = {Posture optimization of a functionally redundant parallel robot},
  booktitle = {Advances in Robot Kinematics 2016},
  year      = {2016},
  publisher = {Springer},
  pages     = {101--108},
}


@Article{HuoBar2008,
  author    = {Huo, Liguo and Baron, Luc},
  title     = {The joint-limits and singularity avoidance in robotic welding},
  journal   = {Industrial Robot: An International Journal},
  year      = {2008},
  volume    = {35},
  number    = {5},
  pages     = {456--464},
  publisher = {Emerald Group Publishing Limited},
}


@Article{DeLucaOriSic1992,
  author    = {De Luca, A and Oriolo, G and Siciliano, B},
  title     = {Robot redundancy resolution at the acceleration level},
  pages     = {97--97},
   volume    = {4},
  journal   = {Laboratory Robotics and Automation},
  publisher = {WILEY},
  year      = {1992},
}


@Article{ReiterMueGat2018,
  author    = {Reiter, Alexander and Müller, Andreas and Gattringer, Hubert},
  journal   = {IEEE Transactions on Industrial Informatics},
  title     = {On higher order inverse kinematics methods in time-optimal trajectory planning for kinematically redundant manipulators},
  year      = {2018},
  number    = {4},
  pages     = {1681--1690},
  volume    = {14},
  publisher = {IEEE},
}


@Article{GuoDonKe2015,
  author    = {Guo, Yingjie and Dong, Huiyue and Ke, Yinglin},
  title     = {Stiffness-oriented posture optimization in robotic machining applications},
  journal   = {Robotics and Computer-Integrated Manufacturing},
  year      = {2015},
  volume    = {27},
  number    = {2},
  pages     = {367--376},
  publisher = {Elsevier},
}


@Article{ZhuQuCaoYan2013,
  author    = {Zhu, Weidong and Qu, Weiwei and Cao, Lianghong and Yang, Di and Ke, Yinglin},
  journal   = {The International Journal of Advanced Manufacturing Technology},
  title     = {An off-line programming system for robotic drilling in aerospace manufacturing},
  year      = {2013},
  number    = {9-12},
  pages     = {2535--2545},
  volume    = {68},
  publisher = {Springer},
}


@Comment{jabref-meta: databaseType:bibtex;}
